<?xml version="1.0" encoding="UTF-8"?><collection xmlns="http://www.loc.gov/MARC21/slim"><record><leader>00420nam--2200121-i-4500</leader><controlfield tag="001">000038323</controlfield><controlfield tag="002">20161230</controlfield><controlfield tag="005">20161230201041</controlfield><controlfield tag="008">060222s1000------------r-----000-0-eng-d</controlfield><datafield ind1=" " ind2=" " tag="080"><subfield code="a">001.891:378</subfield></datafield><datafield ind1=" " ind2=" " tag="245"><subfield code="a">La recherche universitaire. sciences exactes et naturelles. t.4:mathematiques.sciences de l`espace et de la terre</subfield></datafield><datafield ind1=" " ind2=" " tag="260"><subfield code="a">Paris, L`Office National Des Univ.Et Ecole Francaises, 1964-1966. Xx+611 P</subfield></datafield><datafield ind1=" " ind2=" " tag="852"><subfield code="a">26962</subfield></datafield></record></collection>